@inproceedings{prato2013bus,
  title={Bus crash patterns in the {U}nited {S}tates: a clustering approach based on self-organizing maps},
  author={Prato, Carlo Giacomo and Kaplan, Sigal},
  booktitle={WCTR 2013: 13th World Conference on Transportation Research},
  year={2013}
}

@article{kohonen1982,
  title={Self-organized formation of topologically correct feature maps},
  author={Kohonen, Teuvo},
  journal={Biological {C}ybernetics},
  volume={43},
  number={1},
  pages={59--69},
  year={1982}
}
@incollection{martinetz1991,
  author={Martinetz, Thomas and Schulten, K},
  title={A ``Neural-Gas'' Network Learns Topologies},
  editor={Kohonen, T. and M{\"a}kisara, K. and Simula, O. and Kangas, J.},
  booktitle={Artificial {N}eural {N}etworks},
  pages={397--402},
  year={1991},
  publisher={Elsevier, {N}orth-{H}olland, {T}he {N}etherlands}
}
@article{kohonen1990,
  title={The self-organizing map},
  author={Kohonen, Teuvo},
  journal={Proceedings of the {IEEE}},
  volume={78},
  number={9},
  pages={1464--1480},
  year={1990}
}
@article{vesanto2000,
  title={Clustering of the self-organizing map},
  author={Vesanto, Juha and Alhoniemi, Esa},
  journal={{IEEE} {T}ransactions on {N}eural {N}etworks},
  volume={11},
  number={3},
  pages={586--600},
  year={2000}
}

@inproceedings{macqueen1967,
  title={Some methods for classification and analysis of multivariate observations},
  author={MacQueen, James},
  booktitle={Proceedings of the {F}ifth {B}erkeley {S}ymposium on {M}athematical {S}tatistics and {P}robability, {V}olume 1: {S}tatistics},
  pages={281--297},
  year={1967}
}

@manual{NASS,
	title = {{GES} Analytical User's Manual},
	author = {{N}ational {H}ighway {T}raffic {S}afety {A}dministration},
	year = {2009-2017, online accessed 2016-09-01},
	note = "\url{https://crashstats.nhtsa.dot.gov/#/PublicationList/107}"
}
@manual{r:r,
    title = {R: A Language and Environment for Statistical Computing},
    author = {{R Core Team}},
    organization = {R Foundation for Statistical Computing},
    address = {Vienna, Austria},
    year = {2016, online accessed 2016-09-01},
    note= "\url{https://www.R-project.org/}"
  }

@article{r:kohonen,
   author = {Wehrens, Ron and Buydens, Lutgarde},
   title = {Self- and {S}uper-organizing {M}aps in {R}: The kohonen {P}ackage},
   journal = {Journal of {S}tatistical {S}oftware, {A}rticles},
   volume = {21},
   number = {5},
   year = {2007},
   pages = {1--19}
  }
  @article{gss,
   author = {Amjadi, Roya and Martinez, Wendy},
   title = {The 2016 Data Challenge of the American Statistical Association},
   journal = {Computational Statistics},
   year = {2020}
  }

@manual{r:cclust,
    title = {cclust: Convex Clustering Methods and Clustering Indexes},
    author = {Evgenia Dimitriadou},
    year = {2015, online accessed 2016-09-01},
    note = {R package version 0.6-20. \url{https://cran.r-project.org/web/packages/cclust/index.html}}
  }
@book{friedman:elements,
  title={The {E}lements of {S}tatistical {L}earning},
  author={Friedman, Jerome and Hastie, Trevor and Tibshirani, Robert},
  year={2001},
  publisher = {{S}pringer {N}ew {Y}ork {I}nc.},
  series = {Springer {S}eries in {S}tatistics},
}
@techreport{truckfacts,
title = {Large {T}ruck and {B}us {C}rash {F}acts 2014},
author = {{Analysis Division, Federal Motor Carrier Safety Administration, United States Department of Transportation}},
year = {2014, online accessed 2016-09-01},
note = "\url{https://www.fmcsa.dot.gov/safety/data-and-statistics/large-truck-and-bus-crash-facts-2014}"
}
